@ONLINE {rust-lang.org,
    title = "The Rust Programming Language",
    url   = "https://www.rust-lang.org/"
}
