       
@misc {Sniper,
    title = "The Sniper Multi-Core Simulator",
    howpublished   = {\url{http://snipersim.org/}}
}


@misc {rust-lang.org,
    title = "The Rust Programming Language",
    howpublished = {\url{https://www.rust-lang.org}}
}


@ARTICLE {Sutter:2005,
    author  = "Herb Sutter and James Larus",
    title   = "Software and the Concurrency Revolution",
    journal = "ACM Queue",
    year    = "2005",
    pages   = "54-62",
    month   = "sep"
}


@ARTICLE {Larus:2009,
    author  = "James Larus",
    title   = "Spending Moore's Dividend",
    journal = "Communications of the ACM",
    year    = "2009",
    pages   = "62-69",
    month   = "may"
}
